@misc{tensorflow_2020, 
  title={Basic classification Classify images of clothing}, 
  url={https://www.tensorflow.org/tutorials/keras/classification},
  author={TensorFlow Tutorials},
  year={2020},
  month={04},
  urldate = {2020-04-19}
}

@inproceedings{krizhevsky2012imagenet,
  title={Imagenet classification with deep convolutional neural networks},
  author={Krizhevsky, Alex and Sutskever, Ilya and Hinton, Geoffrey E},
  booktitle={Advances in neural information processing systems},
  pages={1097--1105},
  year={2012}
}

@article{LeNail2019,
  doi = {10.21105/joss.00747},
  url = {https://doi.org/10.21105/joss.00747},
  year = {2019},
  publisher = {The Open Journal},
  volume = {4},
  number = {33},
  pages = {747},
  author = {Alexander LeNail},
  title = {NN-SVG: Publication-Ready Neural Network Architecture Schematics},
  journal = {Journal of Open Source Software}
}

@article{hinton2012improving,
  title={Improving neural networks by preventing co-adaptation of feature detectors},
  author={Hinton, Geoffrey E and Srivastava, Nitish and Krizhevsky, Alex and Sutskever, Ilya and Salakhutdinov, Ruslan R},
  journal={arXiv preprint arXiv:1207.0580},
  year={2012}
}

@misc{lossfunctions,
  title={How to choose Last layer activation and loss function},
  url={https://www.dlology.com/blog/how-to-choose-last-layer-activation-and-loss-function},
  author={Chengwei}
}